<mx:record xmlns="http://www.w3.org/TR/xhtml1/strict" xmlns:mx="http://www.loc.gov/MARC21/slim" xmlns:xsi="http://www.w3.org/2001/XMLSchema-instance"><mx:leader>00000cz   2200000n  4500</mx:leader><mx:controlfield tag="001">oca00115014 </mx:controlfield><mx:controlfield tag="005">20060508101332.0</mx:controlfield><mx:controlfield tag="008">810202n| acannaab           |a aaa      </mx:controlfield><mx:datafield ind1=" " ind2=" " tag="010"><mx:subfield code="a">n  50081482</mx:subfield></mx:datafield><mx:datafield ind1=" " ind2=" " tag="040"><mx:subfield code="a">DLC</mx:subfield><mx:subfield code="b">eng</mx:subfield><mx:subfield code="c">DLC</mx:subfield><mx:subfield code="d">DLC</mx:subfield></mx:datafield><mx:datafield ind1="0" ind2=" " tag="100"><mx:subfield code="a">Nestorius,</mx:subfield><mx:subfield code="c">Patriarch of Constantinople,</mx:subfield><mx:subfield code="d">fl. 428.</mx:subfield></mx:datafield><mx:datafield ind1="0" ind2=" " tag="400"><mx:subfield code="a">Nestoriĭ,</mx:subfield><mx:subfield code="c">arkhiepiskop,</mx:subfield><mx:subfield code="d">fl. 428</mx:subfield></mx:datafield><mx:datafield ind1=" " ind2=" " tag="670"><mx:subfield code="a">Nestoriĭ i T︠S︡erkovʹ Vostoka, 2005:</mx:subfield><mx:subfield code="b">t.p. (Nestorĭi) t.p. verso (arkhiepiskopa Nestorii︠a︡)</mx:subfield></mx:datafield><mx:datafield ind1=" " ind2=" " tag="999"><mx:subfield code="a">6215</mx:subfield></mx:datafield></mx:record>